@ONLINE{omgbpmn,
  author = {OMG},
  title = {Business Process Model and Notation (BPMN)},
  year = {2011},
  url = {https://www.omg.org/spec/BPMN/2.0/PDF},
  urldate = "2023-05-01"
}

@ONLINE{omgbpmn-xsd,
  author = {OMG},
  title = {About the Business Process Model And Notation Specification Version 2.0},
  url = {https://www.omg.org/spec/BPMN/2.0/About-BPMN},
  year = {2011},
  urldate = "2023-04-20"
}

@Comment{jabref-meta: databaseType:bibtex;}
